<collection xmlns="http://www.loc.gov/MARC21/slim">
<record>
  <leader>01270nam0a22002651i 450 </leader>
  <controlfield tag="001">IT\ICCU\CNCE\042128</controlfield>
  <controlfield tag="005">20080414000000.0</controlfield>
  <datafield tag="012" ind1=" " ind2=" ">
    <subfield code="a">m.s. s.s. o.mo u,po (C) 1572 (R)</subfield>
    <subfield code="2">fei</subfield>
  </datafield>
  <datafield tag="100" ind1=" " ind2=" ">
    <subfield code="a">19981210d1572        0itac0103    ba</subfield>
  </datafield>
  <datafield tag="101" ind1=" " ind2=" ">
    <subfield code="a">LAT</subfield>
  </datafield>
  <datafield tag="102" ind1=" " ind2=" ">
    <subfield code="a">IT</subfield>
  </datafield>
  <datafield tag="200" ind1="1" ind2=" ">
    <subfield code="a">Bulla s. d. n. Gregorii papae XIII super recognitione indicis, &amp; purgatione librorum prohibitorum</subfield>
  </datafield>
  <datafield tag="210" ind1=" " ind2=" ">
    <subfield code="a">Romae</subfield>
    <subfield code="c">apud haeredes Antonij Bladij impressores camerales</subfield>
    <subfield code="d">1572</subfield>
  </datafield>
  <datafield tag="215" ind1=" " ind2=" ">
    <subfield code="a">\2! c.</subfield>
    <subfield code="d">fol</subfield>
  </datafield>
  <datafield tag="620" ind1=" " ind2=" ">
    <subfield code="a">IT</subfield>
    <subfield code="d">Roma</subfield>
  </datafield>
  <datafield tag="700" ind1=" " ind2="0">
    <subfield code="a">Gregorius</subfield>
    <subfield code="c"> &lt;papa</subfield>
    <subfield code="c"> ; 13.&gt;</subfield>
    <subfield code="3">IT\ICCU\CNCA\000020</subfield>
  </datafield>
  <datafield tag="712" ind1="0" ind2="0">
    <subfield code="a">Blado, Antonio - eredi</subfield>
    <subfield code="3">IT\ICCU\CNCT\000148</subfield>
    <subfield code="4">650</subfield>
  </datafield>
  <datafield tag="790" ind1=" " ind2="1">
    <subfield code="a">Buoncompagni,</subfield>
    <subfield code="b">Ugo</subfield>
    <subfield code="3">IT\ICCU\CNCA\008198</subfield>
    <subfield code="z">Gregorius &lt;papa ; 13.&gt;</subfield>
  </datafield>
  <datafield tag="801" ind1=" " ind2="3">
    <subfield code="a">IT</subfield>
    <subfield code="b">ICCU</subfield>
    <subfield code="c">20201114</subfield>
  </datafield>
  <datafield tag="899" ind1=" " ind2=" ">
    <subfield code="a">Biblioteca universitaria. Genova</subfield>
    <subfield code="1">GE0038</subfield>
    <subfield code="2">LIG 01</subfield>
  </datafield>
  <datafield tag="899" ind1=" " ind2=" ">
    <subfield code="a">Biblioteca della Societ ̉storica lombarda. Milano</subfield>
    <subfield code="1">MI0255</subfield>
    <subfield code="2">MIL ST</subfield>
  </datafield>
  <datafield tag="899" ind1=" " ind2=" ">
    <subfield code="a">Biblioteca delle facolt ̉di Giurisprudenza e Scienze politiche dell&apos;Universit ̉degli studi di Urbino. Urbino</subfield>
    <subfield code="1">PU0127</subfield>
    <subfield code="2">URB AG</subfield>
  </datafield>
  <datafield tag="899" ind1=" " ind2=" ">
    <subfield code="a">Biblioteca centrale dell&apos;Area umanistica dell&apos;Universit ̉degli studi di Urbino. Urbino</subfield>
    <subfield code="1">PU0206</subfield>
    <subfield code="2">URB AU</subfield>
  </datafield>
  <datafield tag="899" ind1=" " ind2=" ">
    <subfield code="a">Biblioteca universitaria Alessandrina. Roma</subfield>
    <subfield code="1">RM0280</subfield>
    <subfield code="2">RML 01</subfield>
  </datafield>
  <datafield tag="899" ind1=" " ind2=" ">
    <subfield code="a">Biblioteca Vallicelliana. Roma</subfield>
    <subfield code="1">RM0281</subfield>
    <subfield code="2">RML 08</subfield>
  </datafield>
</record>
</collection>
